@BOOK{example,
  title={Hello, Android: introducing Google's mobile development platform},
  author={Burnette, Ed},
  year={2010},
  publisher={Pragmatic Bookshelf},
  edition=3
}

@MISC{example1,
  title = {{Services: Sending Notifications to the User}},
  howpublished = {\url{http://developer.android.com/guide/components/services.html#Notifications}},
  note = {Accessed on 29 Aug 2013}
}

@MISC{example2,
  title = {{Estimote}},
  howpublished = {\url{http://estimote.com/}},
  note = {Accessed on 26 Oct 2015}
}

@PHDTHESIS{example3,
author = {Fielding, Roy Thomas},
school = {UC Irvine},
title = {{Architectural Styles and the Design of Network-based Software Architectures}},
type = {PhD Thesis},

year = {2000}
}

@MISC{example4,
  author = {R. Fielding and J. Gettys and J. Mogul and H. Frystyk and L. Masinter and P. Leach and T. Berners-Lee},
  title = {{Hypertext Transfer Protocol -- HTTP/1.1}},
  howpublished = {RFC 2616},
  year = {1999},
  url = {http://tools.ietf.org/html/rfc2616}
}

@INPROCEEDINGS{example5,
  author = {Dominique Guinard and Vlad Trifa and Erik Wilde},
  title = {{A Resource Oriented Architecture for the Web of Things}},
  booktitle = {Proc. IoT},
  year = {2010},
  address = {Tokyo, Japan}
}

@MISC{rssi_varies_wiki,
	author = {Wikipedia},
	title = {{Received signal strength indication}},
	url = {https://en.wikipedia.org/wiki/Received_signal_strength_indication#RSSI_in_802.11_implementations},
	year = {2016}
}

@MISC{rssi_varies_article,
	author = {Gough Lui and Thomas Gallagher and Binghao Li and Andrew G. Dempster and Chris Rizos},
	title = {{Differences in RSSI readings made by different Wi-Fi chipsets: A limitation of WLAN localization}},
	year = {2011},
	url = {http://ieeexplore.ieee.org/document/5955283/}
}

@MISC{raspi_rssi,
	author = {Mike Redrobe},
	title = {{Bluetooth distance sensing - phone etc without pairing}},
	year = {2013},
	url = {https://www.raspberrypi.org/forums/viewtopic.php?t=47466}
}
